<?xml version="1.0" encoding="UTF-8"?><collection xmlns="http://www.loc.gov/MARC21/slim"><record><leader>00509nam--2200169-i-4500</leader><controlfield tag="001">000000215</controlfield><controlfield tag="002">20161230</controlfield><controlfield tag="005">20170102174619</controlfield><controlfield tag="008">060222s1000------------r-----000-0-eng-d</controlfield><datafield ind1=" " ind2=" " tag="100"><subfield code="a">Furman, Howell N</subfield></datafield><datafield ind1=" " ind2=" " tag="245"><subfield code="a">Standard methods of chemical analysis. industrial and natural products and noninstrumemtal methods</subfield></datafield><datafield ind1=" " ind2=" " tag="250"><subfield code="a">6th edition.part b</subfield></datafield><datafield ind1=" " ind2=" " tag="260"><subfield code="a">Princeton</subfield><subfield code="b">D.Van Nostrand, Company, Inc</subfield></datafield><datafield ind1=" " ind2=" " tag="300"><subfield code="a">XI + 1257 p</subfield></datafield><datafield ind1=" " ind2=" " tag="700"><subfield code="a">Welcher, Frank J</subfield></datafield><datafield ind1=" " ind2=" " tag="852"><subfield code="a">17717</subfield></datafield><datafield ind1=" " ind2=" " tag="CAT"><subfield code="a">SYS</subfield><subfield code="c">20170102</subfield><subfield code="h">174619</subfield></datafield></record></collection>